@inproceedings{deng2019residual,
  title     = {Residual Energy-Based Models for Text Generation},
  author    = {Deng, Yuntian and Bakhtin, Anton and Ott, Myle and Szlam, Arthur and Ranzato, Marc'Aurelio},
  booktitle = {International Conference on Learning Representations},
  year      = {2019},
  url = {https://arxiv.org/pdf/2004.11714.pdf}
}

@article{bakhtin2021residual,
  title   = {Residual Energy-Based Models for Text},
  author  = {Bakhtin, Anton and Deng, Yuntian and Gross, Sam and Ott, Myle and Ranzato, Marc'Aurelio and Szlam, Arthur},
  journal = {Journal of Machine Learning Research},
  volume  = {22},
  number  = {40},
  pages   = {1--41},
  year    = {2021},
  url = {https://jmlr.org/papers/volume22/20-326/20-326.pdf}
}
@article{bakhtin2019real,
  title   = {Real or fake? learning to discriminate machine from human generated text},
  author  = {Bakhtin, Anton and Gross, Sam and Ott, Myle and Deng, Yuntian and Ranzato, Marc'Aurelio and Szlam, Arthur},
  journal = {arXiv preprint arXiv:1906.03351},
  year    = {2019}
}
@article{parshakova2019global,
  title   = {Global autoregressive models for data-efficient sequence learning},
  author  = {Parshakova, Tetiana and Andreoli, Jean-Marc and Dymetman, Marc},
  journal = {arXiv preprint arXiv:1909.07063},
  year    = {2019},
  url = {https://arxiv.org/pdf/1909.07063.pdf}
}

@inproceedings{wang2018learning,
  title        = {Learning neural trans-dimensional random field language models with noise-contrastive estimation},
  author       = {Wang, Bin and Ou, Zhijian},
  booktitle    = {2018 IEEE International Conference on Acoustics, Speech and Signal Processing (ICASSP)},
  pages        = {6134--6138},
  year         = {2018},
  organization = {IEEE}
}

@misc{ResidualEBM2023,
  author = {Deng, Yuntian},
  title = {Residual-EBM: Code for residual energy-based models},
  year = {2023}, 
  note = {GitHub repository},
  howpublished = {\url{https://github.com/da03/Residual-EBM/tree/main}},
}


@inproceedings{yin2022learning,
  title        = {Learning energy-based models with adversarial training},
  author       = {Yin, Xuwang and Li, Shiying and Rohde, Gustavo K},
  booktitle    = {European Conference on Computer Vision},
  pages        = {209--226},
  year         = {2022},
  organization = {Springer}
}

@misc{morris2020textattack,
  title         = {TextAttack: A Framework for Adversarial Attacks, Data Augmentation, and Adversarial Training in NLP},
  author        = {John X. Morris and Eli Lifland and Jin Yong Yoo and Jake Grigsby and Di Jin and Yanjun Qi},
  year          = {2020},
  eprint        = {2005.05909},
  archiveprefix = {arXiv},
  primaryclass  = {cs.CL}
}

@article{loshchilov2017decoupled,
  title   = {Decoupled weight decay regularization},
  author  = {Loshchilov, Ilya and Hutter, Frank},
  journal = {arXiv preprint arXiv:1711.05101},
  year    = {2017}
}